@ONLINE{Negativefeedback, 
	author = "Wikipedia",
	title = "Negative feedback",
	url = "http://en.wikipedia.org/wiki/Wikipedia:Citing_Wikipedia"
}


@ONLINE{Amplifier, 
	author = "Wikipedia",
	title = "Amplifier",
	url = "http://en.wikipedia.org/wiki/Amplifier#Class_A"
}


@ONLINE{Bandwidth, 
	author = "Wikipedia",
	title = "Bandwidth(signal processing)",
	url = "http://en.wikipedia.org/wiki/Bandwidth_(signal_processing)"
}